<record><leader>00000cas a22000007a 4500</leader><controlfield tag="001">9618836</controlfield><controlfield tag="008">830617d19321934ksuwr ne      0    0eng d</controlfield><controlfield tag="009">3789</controlfield><datafield ind1=" " ind2=" " tag="010"><subfield code="a">sn 83040260 </subfield></datafield><datafield ind1=" " ind2=" " tag="040"><subfield code="a">KSH</subfield><subfield code="b">eng</subfield><subfield code="c">KSH</subfield><subfield code="d">NPT</subfield></datafield><datafield ind1="1" ind2=" " tag="029"><subfield code="a">AU@</subfield><subfield code="b">000025793213</subfield></datafield><datafield ind1=" " ind2=" " tag="042"><subfield code="a">msc</subfield></datafield><datafield ind1=" " ind2=" " tag="043"><subfield code="a">n-us-ks</subfield></datafield><datafield ind1="0" ind2=" " tag="130"><subfield code="a">Isabel news (Isabel, Kan. : 1932)</subfield></datafield><datafield ind1="0" ind2="4" tag="245"><subfield code="a">The Isabel news.</subfield></datafield><datafield ind1=" " ind2=" " tag="260"><subfield code="a">Isabel, Kan. :</subfield><subfield code="b">[s.n.],</subfield><subfield code="c">1932-1934.</subfield></datafield><datafield ind1=" " ind2=" " tag="300"><subfield code="a">3 v. :</subfield><subfield code="b">ill. ;</subfield><subfield code="c">38-66 cm.</subfield></datafield><datafield ind1=" " ind2=" " tag="310"><subfield code="a">Weekly</subfield></datafield><datafield ind1="0" ind2=" " tag="362"><subfield code="a">Vol. 1, no. 1 (Dec. 8, 1932)-v. 3, no. 4 (Dec. 27, 1934).</subfield></datafield><datafield ind1=" " ind2=" " tag="500"><subfield code="a">Editor: R.B. Anderson.</subfield></datafield><datafield ind1="1" ind2=" " tag="700"><subfield code="a">Anderson, R. B.</subfield></datafield><datafield ind1=" " ind2=" " tag="752"><subfield code="a">United States</subfield><subfield code="b">Kansas</subfield><subfield code="c">Barber</subfield><subfield code="d">Isabel.</subfield></datafield></record>